@article{carpita2011imputation,
  title={On the imputation of missing data in surveys with Likert-type scales},
  author={Carpita, Maurizio and Manisera, Marica},
  journal={Journal of Classification},
  volume={28},
  number={1},
  pages={93--112},
  year={2011},
  publisher={Springer}
}
@article{bono2007missing,
  title={Missing data on the Center for Epidemiologic Studies Depression Scale: a comparison of 4 imputation techniques},
  author={Bono, Christine and Ried, L Douglas and Kimberlin, Carole and Vogel, Bruce},
  journal={Research in Social and Administrative Pharmacy},
  volume={3},
  number={1},
  pages={1--27},
  year={2007},
  publisher={Elsevier}
}
@article{finch2010imputation,
  title={Imputation methods for missing categorical questionnaire data: A comparison of approaches},
  author={Finch, W. Holmes},
  journal={Journal of Data Science},
  volume={8},
  number={3},
  pages={361--378},
  year={2010},
  publisher={中華資料採礦協會}
}
@article{wu2015comparison,
  title={A comparison of imputation strategies for ordinal missing data on Likert scale variables},
  author={Wu, Wei and Jia, Fan and Enders, Craig},
  journal={Multivariate behavioral research},
  volume={50},
  number={5},
  pages={484--503},
  year={2015},
  publisher={Taylor \& Francis}
}
@article{kamakura2000factor,
  title={Factor analysis and missing data},
  author={Kamakura, Wagner A and Wedel, Michel},
  journal={Journal of Marketing Research},
  volume={37},
  number={4},
  pages={490--498},
  year={2000},
  publisher={American Marketing Association}
}
@inproceedings{agrawal1994fast,
  title={Fast algorithms for mining association rules},
  author={Agrawal, Rakesh and Srikant, Ramakrishnan and others},
  booktitle={Proc. 20th int. conf. very large data bases, VLDB},
  volume={1215},
  pages={487--499},
  year={1994}
}
@inproceedings{ma1998integrating,
  title={Integrating classification and association rule mining},
  author={Ma, Bing Liu Wynne Hsu Yiming and Liu, Bing},
  booktitle={Proceedings of the 4th},
  year={1998}
}
@inproceedings{garcia2004mining,
  title={Mining interesting association rules for prediction in the software project management area},
  author={Garc{\'\i}a, Mar{\'\i}a N Moreno and Pe{\~n}alvo, Francisco J Garc{\'\i}a and Mart{\'\i}n, M Jos{\'e} Polo},
  booktitle={International Conference on Data Warehousing and Knowledge Discovery},
  pages={341--350},
  year={2004},
  organization={Springer}
}
@inproceedings{jonsson2004evaluation,
  title={An evaluation of k-nearest neighbour imputation using likert data},
  author={J{\"o}nsson, Per and Wohlin, Claes},
  booktitle={Software Metrics, 2004. Proceedings. 10th International Symposium on},
  pages={108--118},
  year={2004},
  organization={IEEE}
}
@article{jonsson2006benchmarking,
  title={Benchmarking k-nearest neighbour imputation with homogeneous Likert data},
  author={J{\"o}nsson, Per and Wohlin, Claes},
  journal={Empirical Software Engineering},
  volume={11},
  number={3},
  pages={463},
  year={2006},
  publisher={Springer}
}
@article{freitas2000understanding,
  title={Understanding the crucial differences between classification and discovery of association rules: a position paper},
  author={Freitas, Alex A.},
  journal={AcM sIGKDD Explorations Newsletter},
  volume={2},
  number={1},
  pages={65--69},
  year={2000},
  publisher={ACM}
}
@article{leite2010performance,
  title={The performance of multiple imputation for Likert-type items with missing data},
  author={Leite, Walter and Beretvas, S Natasha},
  journal={Journal of Modern Applied Statistical Methods},
  volume={9},
  number={1},
  pages={8},
  year={2010}
}
@article{tsikriktsis2005review,
  title={A review of techniques for treating missing data in OM survey research},
  author={Tsikriktsis, Nikos},
  journal={Journal of Operations Management},
  volume={24},
  number={1},
  pages={53--62},
  year={2005},
  publisher={Elsevier}
}
@inproceedings{johnson2009working,
  title={Working with Ordinal Predictors},
  author={Johnson, Paul E.},
  booktitle={Annual Meeting of the Midwest Political Science Association, Chicago, IL},
  volume={30},
  year={2009},
  organization={Citeseer}
}
@article{gertheiss2009penalized,
  title={Penalized regression with ordinal predictors},
  author={Gertheiss, Jan and Tutz, Gerhard},
  journal={International Statistical Review},
  volume={77},
  number={3},
  pages={345--365},
  year={2009},
  publisher={Wiley Online Library}
}
@inproceedings{agrawal1993mining,
  title={Mining association rules between sets of items in large databases},
  author={Agrawal, Rakesh and Imieli{\'n}ski, Tomasz and Swami, Arun},
  booktitle={Acm sigmod record},
  volume={22},
  number={2},
  pages={207--216},
  year={1993},
  organization={ACM}
}
@inproceedings{yin2003cpar,
  title={CPAR: Classification based on predictive association rules},
  author={Yin, Xiaoxin and Han, Jiawei},
  booktitle={Proceedings of the 2003 SIAM International Conference on Data Mining},
  pages={331--335},
  year={2003},
  organization={SIAM}
}
@inproceedings{li2001cmar,
  title={CMAR: Accurate and efficient classification based on multiple class-association rules},
  author={Li, Wenmin and Han, Jiawei and Pei, Jian},
  booktitle={Data Mining, 2001. ICDM 2001, Proceedings IEEE International Conference on},
  pages={369--376},
  year={2001},
  organization={IEEE}
}
@article{meseguer2014factors,
  title={Factors that influence the teaching use of Wikipedia in Higher Education},
  author={Meseguer Artola, A. and Aibar Puentes, E. and Llad{\'o}s Masllorens, J. and Minguill{\'o}n Alfonso, J. and Lerga Felip, M.},
  year={2014}
}
@article{groves2011three,
  title={Three eras of survey research},
  author={Groves, Robert M.},
  journal={Public Opinion Quarterly},
  volume={75},
  number={5},
  pages={861--871},
  year={2011},
  publisher={AAPOR}
}
@article{evans2005value,
  title={The value of online surveys},
  author={Evans, Joel R. and Mathur, Anil},
  journal={Internet research},
  volume={15},
  number={2},
  pages={195--219},
  year={2005},
  publisher={Emerald Group Publishing Limited}
}
@article{he2010missing,
  title={Missing data analysis using multiple imputation},
  author={He, Yulei},
  journal={Circulation: Cardiovascular Quality and Outcomes},
  volume={3},
  number={1},
  pages={98--105},
  year={2010},
  publisher={Am Heart Assoc}
}
@book{gelman2006data,
  title={Data analysis using regression and multilevel/hierarchical models},
  author={Gelman, Andrew and Hill, Jennifer},
  year={2006},
  publisher={Cambridge university press}
}
@article{graham2007many,
  title={How many imputations are really needed? Some practical clarifications of multiple imputation theory},
  author={Graham, John W and Olchowski, Allison E and Gilreath, Tamika D},
  journal={Prevention Science},
  volume={8},
  number={3},
  pages={206--213},
  year={2007},
  publisher={Springer}
}
@article{plumpton2016multiple,
  title={Multiple imputation of multiple multi-item scales when a full imputation model is infeasible},
  author={Plumpton, Catrin O. and Morris, Tim and Hughes, Dyfrig A. and White, Ian R.},
  journal={BMC research notes},
  volume={9},
  number={1},
  pages={45},
  year={2016},
  publisher={BioMed Central}
}
@article{white2011multiple,
  title={Multiple imputation using chained equations: issues and guidance for practice},
  author={White, Ian R and Royston, Patrick and Wood, Angela M},
  journal={Statistics in medicine},
  volume={30},
  number={4},
  pages={377--399},
  year={2011},
  publisher={Wiley Online Library}
}
@book{schultz2015psychology,
  title={Psychology and Work Today 10E},
  author={Schultz, Duane and Schultz, Sydney Ellen},
  year={2015},
  publisher={Routledge}
}
@misc{hahsler2017interesting,
author = {Hahsler, Michael},
title = {A Probabilistic Comparison of Commonly Used Interest Measures for Association Rules},
year = {2011},
url = {http://michael.hahsler.net/research/association_rules/measures.html},
urldate={2017-06-17}
}
@book{friendly2016discrete,
  title={Discrete Data Analysis with R: Visualization and Modeling Techniques for Categorical and Count Data},
  author={Friendly, Michael and Meyer, David},
  year={2016},
  publisher={CRC Press},
  address={Boca Raton},
  note={ISBN 978-1-4987-2583-5}
}
@misc{tan2005chapter6,
  title={Chapter 6. Association analysis: basic concepts and algorithms. Introduction to Data Mining},
  author={Tan, Pang-Ning and Steinbach, Michael and Kumar, Vipin},
  year={2005},
  publisher={Addison-Wesley Boston}
}
@misc{tan2005chapter7,
  title={Chapter 7. Association analysis: advanced concepts. Introduction to Data Mining},
  author={Tan, Pang-Ning and Steinbach, Michael and Kumar, Vipin},
  year={2005},
  publisher={Addison-Wesley Boston}
}
@article{mythili2013performance,
author={Mythili, MS and Shanavas, AR Mohamed},
title={Performance Evaluation of Apriori and FP-Growth Algorithms},
journal="International Journal of Computer Applications",
volume= "79",
issue = "3",
pages= "34-37",
year={2013}
}
@article{christensen2010ordinal,
  title={ordinal-regression models for ordinal data},
  author={Christensen, Rune Haubo Bojesen},
  journal={R package version},
  volume={22},
  year={2010}
}
@article{rubin1987multiple,
  title={Multiple Imputation for Nonresponse in Surveys (Wiley Series in Probability and Statistics)},
  author={Rubin, Donald B.},
  year={1987},
  publisher={Wiley}
}
@article{azur2011multiple,
  title={Multiple imputation by chained equations: what is it and how does it work?},
  author={Azur, Melissa J and Stuart, Elizabeth A and Frangakis, Constantine and Leaf, Philip J},
  journal={International journal of methods in psychiatric research},
  volume={20},
  number={1},
  pages={40--49},
  year={2011},
  publisher={Wiley Online Library}
}
@article{button2013power,
  title={Power failure: why small sample size undermines the reliability of neuroscience},
  author={Button, Katherine S and Ioannidis, John PA and Mokrysz, Claire and Nosek, Brian A and Flint, Jonathan and Robinson, Emma SJ and Munaf{\`o}, Marcus R},
  journal={Nature Reviews Neuroscience},
  volume={14},
  number={5},
  pages={365--376},
  year={2013},
  publisher={Nature Publishing Group}
}
@misc{barrett2015data,
  title={The Causes, Costs and Consequences of Bad Government Data},
  author={Barrett, Katherine and Greene, Richard},
  year={2015},
  institution={Governing States and Localities},
  url={http://www.governing.com/topics/mgmt/gov-bad-data.html},
  urldate={2017-07-16}
}
@article{mutter2004classification,
  title={Classification using association rules},
  author={Mutter, Stefan},
  journal={A thesis of Diploma of computer science, Univeristy of Freiburg, Hamilton, NewZealoand, Aotearoa, 11th march},
  year={2004}
}
@article{liu2001classification,
  title={Classification using association rules: weaknesses and enhancements},
  author={Liu, Bing and Ma, Yiming and Wong, Ching-Kian},
  journal={Data mining for scientific applications},
  volume={591},
  year={2001}
}
@techreport{li2006predicting,
  title={Predicting missing attribute values based on Frequent Itemset and RSFit},
  author={Li, Jiye and Cercone, Nick},
  year={2006},
  institution={Technical Report, CS-2006-13, School of Computer Science, University of Waterloo}
}
@inproceedings{wu2008missing,
  title={Missing nominal data imputation using association rule based on weighted voting method},
  author={Wu, Jianhua and Song, Qinbao and Shen, Junyi},
  booktitle={Neural Networks, 2008. IJCNN 2008.(IEEE World Congress on Computational Intelligence). IEEE International Joint Conference on},
  pages={1157--1162},
  year={2008},
  organization={IEEE}
}
@inproceedings{wu2007novel,
  title={An novel association rule mining based missing nominal data imputation method},
  author={Wu, Jianhua and Song, Qinbao and Shen, Junyi},
  booktitle={Software Engineering, Artificial Intelligence, Networking, and Parallel/Distributed Computing, 2007. SNPD 2007. Eighth ACIS International Conference on},
  volume={3},
  pages={244--249},
  year={2007},
  organization={IEEE}
}
