@article{carpita2011imputation,
  title={On the imputation of missing data in surveys with Likert-type scales},
  author={Carpita, Maurizio and Manisera, Marica},
  journal={Journal of Classification},
  volume={28},
  number={1},
  pages={93--112},
  year={2011},
  publisher={Springer}
}
@article{huisman1999missing,
  title={Missing data in behavioral science research: Investigation of a collection of data sets},
  author={Huisman, Mark},
  journal={M AND T SERIES},
  volume={32},
  pages={23--46},
  year={1999},
  publisher={DSWO PRESS, LEIDEN UNIVERSITY}
}
@article{bono2007missing,
  title={Missing data on the Center for Epidemiologic Studies Depression Scale: a comparison of 4 imputation techniques},
  author={Bono, Christine and Ried, L Douglas and Kimberlin, Carole and Vogel, Bruce},
  journal={Research in Social and Administrative Pharmacy},
  volume={3},
  number={1},
  pages={1--27},
  year={2007},
  publisher={Elsevier}
}
@article{finch2010imputation,
  title={Imputation methods for missing categorical questionnaire data: A comparison of approaches},
  author={Finch, W Holmes},
  journal={Journal of Data Science},
  volume={8},
  number={3},
  pages={361--378},
  year={2010},
  publisher={中華資料採礦協會}
}
@article{wu2015comparison,
  title={A comparison of imputation strategies for ordinal missing data on Likert scale variables},
  author={Wu, Wei and Jia, Fan and Enders, Craig},
  journal={Multivariate behavioral research},
  volume={50},
  number={5},
  pages={484--503},
  year={2015},
  publisher={Taylor \& Francis}
}
@article{kamakura2000factor,
  title={Factor analysis and missing data},
  author={Kamakura, Wagner A and Wedel, Michel},
  journal={Journal of Marketing Research},
  volume={37},
  number={4},
  pages={490--498},
  year={2000},
  publisher={American Marketing Association}
}
@article{raaijmakers1999effectiveness,
  title={Effectiveness of different missing data treatments in surveys with Likert-type data: Introducing the relative mean substitution approach},
  author={Raaijmakers, Quinten AW},
  journal={Educational and Psychological Measurement},
  volume={59},
  number={5},
  pages={725--748},
  year={1999},
  publisher={Sage Publications Sage CA: Thousand Oaks, CA}
}
@article{madow1983incomplete,
  title={Incomplete data in sample surveys. Vol. 3: proceedings of the symposium},
  author={Madow, William G and Olkin, Ingram},
  year={1983},
  publisher={New York NY/London England Academic Press 1983.}
}
@article{roth1999missing,
  title={Missing data in multiple item scales: A Monte Carlo analysis of missing data techniques},
  author={Roth, Philip L and Switzer III, Fred S and Switzer, Deborah M},
  journal={Organizational Research Methods},
  volume={2},
  number={3},
  pages={211--232},
  year={1999},
  publisher={Sage Publications Sage CA: Thousand Oaks, CA}
}
@article{rodwell2014comparison,
  title={Comparison of methods for imputing limited-range variables: a simulation study},
  author={Rodwell, Laura and Lee, Katherine J and Romaniuk, Helena and Carlin, John B},
  journal={BMC medical research methodology},
  volume={14},
  number={1},
  pages={57},
  year={2014},
  publisher={BioMed Central}
}
@inproceedings{agrawal1994fast,
  title={Fast algorithms for mining association rules},
  author={Agrawal, Rakesh and Srikant, Ramakrishnan and others},
  booktitle={Proc. 20th int. conf. very large data bases, VLDB},
  volume={1215},
  pages={487--499},
  year={1994}
}
@article{sim2015missing,
  title={Missing values and optimal selection of an imputation method and classification algorithm to improve the accuracy of ubiquitous computing applications},
  author={Sim, Jaemun and Lee, Jonathan Sangyun and Kwon, Ohbyung},
  journal={Mathematical Problems in Engineering},
  volume={2015},
  year={2015},
  publisher={Hindawi Publishing Corporation}
}
@inproceedings{chandola2005summarization,
  title={Summarization-compressing data into an informative representation},
  author={Chandola, Varun and Kumar, Vipin},
  booktitle={Data Mining, Fifth IEEE International Conference on},
  pages={8--pp},
  year={2005},
  organization={IEEE}
}
@inproceedings{ma1998integrating,
  title={Integrating classification and association rule mining},
  author={Ma, Bing Liu Wynne Hsu Yiming and Liu, Bing},
  booktitle={Proceedings of the 4th},
  year={1998}
}
@inproceedings{garcia2004mining,
  title={Mining interesting association rules for prediction in the software project management area},
  author={Garc{\'\i}a, Mar{\'\i}a N Moreno and Pe{\~n}alvo, Francisco J Garc{\'\i}a and Mart{\'\i}n, M Jos{\'e} Polo},
  booktitle={International Conference on Data Warehousing and Knowledge Discovery},
  pages={341--350},
  year={2004},
  organization={Springer}
}