@Manual{R-arules,
  title = {arules: Mining Association Rules and Frequent Itemsets},
  author = {Michael Hahsler and Christian Buchta and Bettina Gruen and Kurt Hornik},
  year = {2017},
  note = {R package version 1.5-2},
  url = {https://CRAN.R-project.org/package=arules},
}
@Manual{R-base,
  title = {R: A Language and Environment for Statistical Computing},
  author = {{R Core Team}},
  organization = {R Foundation for Statistical Computing},
  address = {Vienna, Austria},
  year = {2017},
  url = {https://www.R-project.org/},
}
@Manual{R-bookdown,
  title = {bookdown: Authoring Books and Technical Documents with R Markdown},
  author = {Yihui Xie},
  year = {2017},
  note = {R package version 0.4},
  url = {https://CRAN.R-project.org/package=bookdown},
}
@Manual{R-knitr,
  title = {knitr: A General-Purpose Package for Dynamic Report Generation in R},
  author = {Yihui Xie},
  year = {2017},
  note = {R package version 1.16},
  url = {https://CRAN.R-project.org/package=knitr},
}
@Manual{R-lattice,
  title = {lattice: Trellis Graphics for R},
  author = {Deepayan Sarkar},
  year = {2017},
  note = {R package version 0.20-35},
  url = {https://CRAN.R-project.org/package=lattice},
}
@Manual{R-ordinal,
  title = {ordinal: Regression Models for Ordinal Data},
  author = {Rune Haubo Bojesen Christensen},
  year = {2015},
  note = {R package version 2015.6-28},
  url = {https://CRAN.R-project.org/package=ordinal},
}
@Manual{R-ordPens,
  title = {ordPens: Selection and/or Smoothing of Ordinal Predictors},
  author = {Jan Gertheiss},
  year = {2015},
  note = {R package version 0.3-1},
  url = {https://CRAN.R-project.org/package=ordPens},
}
@Manual{R-rmarkdown,
  title = {rmarkdown: Dynamic Documents for R},
  author = {JJ Allaire and Joe Cheng and Yihui Xie and Jonathan McPherson and Winston Chang and Jeff Allen and Hadley Wickham and Aron Atkins and Rob Hyndman and Ruben Arslan},
  year = {2017},
  note = {R package version 1.5},
  url = {https://CRAN.R-project.org/package=rmarkdown},
}
